<record><leader>00000cas a22000007a 4500</leader><controlfield tag="001">13077811</controlfield><controlfield tag="008">860129c19809999utumx ne      0    0eng d</controlfield><datafield ind1=" " ind2=" " tag="010"><subfield code="a">sn 86091032 </subfield></datafield><datafield ind1=" " ind2=" " tag="040"><subfield code="a">UNP</subfield><subfield code="b">eng</subfield><subfield code="c">UNP</subfield><subfield code="d">NST</subfield><subfield code="d">OCLCQ</subfield></datafield><datafield ind1=" " ind2=" " tag="012"><subfield code="i">9102</subfield></datafield><datafield ind1=" " ind2=" " tag="042"><subfield code="a">msc</subfield></datafield><datafield ind1=" " ind2="4" tag="050"><subfield code="a">AN2.U8</subfield><subfield code="b">D57</subfield></datafield><datafield ind1="0" ind2=" " tag="130"><subfield code="a">Desert star (Tooele Army Depot, Utah)</subfield></datafield><datafield ind1="1" ind2="0" tag="245"><subfield code="a">Desert star.</subfield></datafield><datafield ind1=" " ind2=" " tag="260"><subfield code="a">Tooele Army Depot, Utah :</subfield><subfield code="b">Tooele Army Depot,</subfield><subfield code="c">1980-</subfield></datafield><datafield ind1=" " ind2=" " tag="300"><subfield code="a">v. :</subfield><subfield code="b">ill. ;</subfield><subfield code="c">38 cm.</subfield></datafield><datafield ind1=" " ind2=" " tag="310"><subfield code="a">Monthly (irregular)</subfield></datafield><datafield ind1="0" ind2=" " tag="362"><subfield code="a">Vol. 1, no. 1 (May 9, 1980)-</subfield></datafield><datafield ind1=" " ind2=" " tag="500"><subfield code="a">"Unofficial publication authorized under the provisions of AR 360-81, published in the interest of the personnel at Tooele Army Depot and four [sic] depot activities."</subfield></datafield><datafield ind1=" " ind2=" " tag="580"><subfield code="a">Printed in Tooele, Utah at the office of: Tooele transcript (Tooele, Utah : 1957), and: Tooele bulletin (Tooele, Utah : 1957), May 1980-July 1985; printed in Salt Lake City, Utah thereafter.</subfield></datafield><datafield ind1=" " ind2=" " tag="752"><subfield code="a">United States</subfield><subfield code="b">Utah</subfield><subfield code="c">Tooele</subfield><subfield code="d">Tooele Ordnance Depot.</subfield></datafield><datafield ind1=" " ind2=" " tag="752"><subfield code="a">United States</subfield><subfield code="b">Utah</subfield><subfield code="c">Tooele</subfield><subfield code="d">Tooele.</subfield></datafield><datafield ind1=" " ind2=" " tag="752"><subfield code="a">United States</subfield><subfield code="b">Utah</subfield><subfield code="c">Salt Lake</subfield><subfield code="d">Salt Lake City.</subfield></datafield><datafield ind1="1" ind2=" " tag="787"><subfield code="t">Tooele transcript (Tooele, Utah : 1957)</subfield><subfield code="w">(DLC)sn 86091013</subfield><subfield code="w">(OCoLC)13018839</subfield></datafield><datafield ind1="1" ind2=" " tag="787"><subfield code="t">Tooele bulletin (Tooele, Utah : 1957)</subfield><subfield code="w">(DLC)sn 86091012</subfield><subfield code="w">(OCoLC)13018831</subfield></datafield><datafield ind1=" " ind2=" " tag="850"><subfield code="a">UU</subfield></datafield></record>